<?xml version="1.0" encoding="UTF-8"?><collection xmlns="http://www.loc.gov/MARC21/slim">
  <record>
    <leader>19121cpcaa2203397la 4500</leader>
    <controlfield tag="001">u3572181</controlfield>
    <controlfield tag="003">SIRSI</controlfield>
    <controlfield tag="008">000000i18761969xx                  eng d</controlfield>
    <datafield tag="035" ind1=" " ind2=" ">
      <subfield code="a">(OCoLC)647914888</subfield>
    </datafield>
    <datafield tag="040" ind1=" " ind2=" ">
      <subfield code="a">VA@</subfield>
      <subfield code="c">VA@</subfield>
      <subfield code="e">dacs</subfield>
    </datafield>
    <datafield tag="100" ind1="1" ind2=" ">
      <subfield code="a">James, Henry,</subfield>
      <subfield code="d">1843-1916.</subfield>
    </datafield>
    <datafield tag="245" ind1="1" ind2="0">
      <subfield code="a">Papers of Henry James</subfield>
      <subfield code="h">[manuscript],</subfield>
      <subfield code="f">1876-1915, 1930-1939.</subfield>
    </datafield>
    <datafield tag="246" ind1="3" ind2=" ">
      <subfield code="a">Henry James papers</subfield>
    </datafield>
    <datafield tag="300" ind1=" " ind2=" ">
      <subfield code="a">775</subfield>
      <subfield code="f">items.</subfield>
    </datafield>
    <datafield tag="500" ind1=" " ind2=" ">
      <subfield code="a">Forms part of the Clifton Waller Barrett Library.</subfield>
    </datafield>
    <datafield tag="520" ind1=" " ind2=" ">
      <subfield code="a">The collection contains manuscripts of "Honoré Daumier," "Tourgueneff," and "The saloon" (typed by Forrest Reid.); a translation of Alphonse Daudet's article on Turgenev; chapters VII, VIII, IX of "The Europeans," the last page from "Glasses"; and book reviewsof Elizabeth Stoddard's "Two Men" and Emile Zola's "Nana"; corrections to a page of the printed edition of "Princess Casamassima" and his play "Saloon."</subfield>
    </datafield>
    <datafield tag="520" ind1=" " ind2=" ">
      <subfield code="a">The collection also contains proofs and drafts of works on James including "Henry James at Home," by H. Montgomery Hyde; "Lady Barberina and other tales" edited by Herbert Ruhm; "The master" by Ford Madox Ford and "To Henry James," by Max Beerbohm and Edmund Gosse.</subfield>
    </datafield>
    <datafield tag="520" ind1=" " ind2=" ">
      <subfield code="a">Subjects discussed at some length include his writing and the art of writing; publication; problems with copyright and book pirating; photographic illustrations; the literary or artistic work of his correspondents and other contemporaries; travels in France and Italy; dislike of the United States and opinions on various European countries; life in London and the country; the theater, including productions of his work; social engagements; health; friends and family.</subfield>
    </datafield>
    <datafield tag="520" ind1=" " ind2=" ">
      <subfield code="a">Topics of interest include his relationship with Violet Hunt, the mistress of Ford Madox Ford; his friendship with sculptor Hendrick C. Anderson; the precarious mental health of his sister Alice; opinion of Daudet, and his admiration and criticism of the works of Mrs. Humphrey Ward and the outbreak of World War I.</subfield>
    </datafield>
    <datafield tag="520" ind1=" " ind2=" ">
      <subfield code="a">In addition there are very brief mentions of many of the noted literary figures of the day and occasional references to national and world events such as the assassination of Umberto I, the loss of the Titanic,  Queen Victoria's diamond jubilee, and a 1911 railway strike.</subfield>
    </datafield>
    <datafield tag="520" ind1=" " ind2=" ">
      <subfield code="a">The collection also contains some correspondence of James scholars and collectors, 1930-1969, and some correspondence of James family members, particulalry Henry James, Sr., who comments in 1863 that Thucydides records an instance where an enemy's slaves were liberated and suggests Horace Greeley be told, and expounds on his theories of  love, marriage, divorce and womanhood. There are also letters of William James, Sr. and William James, Jr., Henry's brother and nephew.</subfield>
    </datafield>
    <datafield tag="520" ind1=" " ind2=" ">
      <subfield code="a">The collection also contains numerous photographs and portraits of James, and Lamb House, Rye, England; cartoons of James by Max Beerbohm; and photographs of  people and places associated with him.</subfield>
    </datafield>
    <datafield tag="524" ind1=" " ind2=" ">
      <subfield code="a">Henry James Papers, 1876-1915, 1930-1969, in the Clifton Waller Barrett Library,  Accession #6251--6251-u, Special Collections Dept., University of Virginia Library, Charlottesville, Va.</subfield>
    </datafield>
    <datafield tag="533" ind1=" " ind2=" ">
      <subfield code="3">Correspondence :</subfield>
      <subfield code="a">also available on microfilm as Manuscripts Division Reels #M 2322 and 2323.</subfield>
    </datafield>
    <datafield tag="533" ind1=" " ind2=" ">
      <subfield code="3">Manuscript of The Europeans chapters 7 - 9 :</subfield>
      <subfield code="a">also available on microfilm as Manuscript Division Reel #M2105.</subfield>
    </datafield>
    <datafield tag="555" ind1=" " ind2=" ">
      <subfield code="a">Annotated list available.</subfield>
    </datafield>
    <datafield tag="596" ind1=" " ind2=" ">
      <subfield code="a">10</subfield>
    </datafield>
    <datafield tag="600" ind1="1" ind2="0">
      <subfield code="a">Adams, Henry,</subfield>
      <subfield code="d">1838-1918.</subfield>
    </datafield>
    <datafield tag="600" ind1="1" ind2="0">
      <subfield code="a">Aldrich, Thomas Bailey,</subfield>
      <subfield code="d">1836-1907.</subfield>
    </datafield>
    <datafield tag="600" ind1="1" ind2="0">
      <subfield code="a">Allerton, Robert,</subfield>
      <subfield code="d">1873-1964.</subfield>
    </datafield>
    <datafield tag="600" ind1="1" ind2="0">
      <subfield code="a">Arnold, Matthew,</subfield>
      <subfield code="d">1822-1888</subfield>
      <subfield code="x">Death and burial.</subfield>
    </datafield>
    <datafield tag="600" ind1="1" ind2="0">
      <subfield code="a">Arnold, Thomas,</subfield>
      <subfield code="d">1823-1900.</subfield>
    </datafield>
    <datafield tag="600" ind1="1" ind2="0">
      <subfield code="a">Barrès, Maurice,</subfield>
      <subfield code="d">1862-1923.</subfield>
    </datafield>
    <datafield tag="600" ind1="1" ind2="0">
      <subfield code="a">Barrett, B. F.</subfield>
      <subfield code="q">(Benjamin Fiske),</subfield>
      <subfield code="d">1808-1892</subfield>
    </datafield>
    <datafield tag="600" ind1="1" ind2="0">
      <subfield code="a">Belloc, Hilaire,</subfield>
      <subfield code="d">1870-1953</subfield>
    </datafield>
    <datafield tag="600" ind1="1" ind2="0">
      <subfield code="a">Benson, Arthur Christopher,</subfield>
      <subfield code="d">1862-1925.</subfield>
    </datafield>
    <datafield tag="600" ind1="1" ind2="0">
      <subfield code="a">Bernhardt, Sarah,</subfield>
      <subfield code="d">1844-1923.</subfield>
    </datafield>
    <datafield tag="600" ind1="1" ind2="0">
      <subfield code="a">Bourget, Paul,</subfield>
      <subfield code="d">1852-1935.</subfield>
    </datafield>
    <datafield tag="600" ind1="1" ind2="0">
      <subfield code="a">Broughton, Rhoda,</subfield>
      <subfield code="d">1840-1920.</subfield>
    </datafield>
    <datafield tag="600" ind1="1" ind2="0">
      <subfield code="a">Brown, Horatio Robert Forbes,</subfield>
      <subfield code="d">1854-1926.</subfield>
    </datafield>
    <datafield tag="600" ind1="1" ind2="0">
      <subfield code="a">Chateaubriand, François-René,</subfield>
      <subfield code="c">vicomte de,</subfield>
      <subfield code="d">1768-1848.</subfield>
    </datafield>
    <datafield tag="600" ind1="1" ind2="0">
      <subfield code="a">Chevrillon, André,</subfield>
      <subfield code="d">1864-1957.</subfield>
    </datafield>
    <datafield tag="600" ind1="1" ind2="0">
      <subfield code="a">Clark, Andrew,</subfield>
      <subfield code="d">1826-1893.</subfield>
    </datafield>
    <datafield tag="600" ind1="1" ind2="0">
      <subfield code="a">Clemenceau, Georges,</subfield>
      <subfield code="d">1841-1929.</subfield>
    </datafield>
    <datafield tag="600" ind1="1" ind2="0">
      <subfield code="a">Clifford, W. K.,</subfield>
      <subfield code="c">Mrs.,</subfield>
      <subfield code="d">d. 1929.</subfield>
    </datafield>
    <datafield tag="600" ind1="1" ind2="0">
      <subfield code="a">Coburn, Alvin Langdon,</subfield>
      <subfield code="d">1882-1966.</subfield>
    </datafield>
    <datafield tag="600" ind1="1" ind2="0">
      <subfield code="a">Crane, Cora,</subfield>
      <subfield code="d">1865 or 6-1910.</subfield>
    </datafield>
    <datafield tag="600" ind1="1" ind2="0">
      <subfield code="a">Crane, Cora,</subfield>
      <subfield code="d">1865 or 6-1910</subfield>
      <subfield code="v">Photographs..</subfield>
    </datafield>
    <datafield tag="600" ind1="1" ind2="0">
      <subfield code="a">Crawford, F. Marion</subfield>
      <subfield code="q">(Francis Marion),</subfield>
      <subfield code="d">1854-1909.</subfield>
    </datafield>
    <datafield tag="600" ind1="1" ind2="0">
      <subfield code="a">Curtis, Daniel Sargent,</subfield>
      <subfield code="d">1825-1908.</subfield>
    </datafield>
    <datafield tag="600" ind1="1" ind2="0">
      <subfield code="a">Daudet, Alphonse,</subfield>
      <subfield code="d">1840-1897.</subfield>
    </datafield>
    <datafield tag="600" ind1="1" ind2="0">
      <subfield code="a">Dreyfus, Alfred,</subfield>
      <subfield code="d">1859-1935.</subfield>
    </datafield>
    <datafield tag="600" ind1="1" ind2="0">
      <subfield code="a">Du Maurier, George,</subfield>
      <subfield code="d">1834-1896.</subfield>
      <subfield code="t">Trilby.</subfield>
    </datafield>
    <datafield tag="600" ind1="1" ind2="0">
      <subfield code="a">Eliot, George,</subfield>
      <subfield code="d">1819-1880.</subfield>
    </datafield>
    <datafield tag="600" ind1="1" ind2="0">
      <subfield code="a">Ewing, Juliana Horatia Gatty,</subfield>
      <subfield code="d">1841-1885</subfield>
      <subfield code="t">Jackanapes.</subfield>
    </datafield>
    <datafield tag="600" ind1="1" ind2="0">
      <subfield code="a">Fleming, George,</subfield>
      <subfield code="d">1858-1938.</subfield>
    </datafield>
    <datafield tag="600" ind1="1" ind2="0">
      <subfield code="a">Ford, Ford Madox,</subfield>
      <subfield code="d">1873-1939</subfield>
      <subfield code="x">Divorce.</subfield>
    </datafield>
    <datafield tag="600" ind1="1" ind2="0">
      <subfield code="a">France, Anatole,</subfield>
      <subfield code="d">1844-1924.</subfield>
    </datafield>
    <datafield tag="600" ind1="1" ind2="0">
      <subfield code="a">Gardner, Isabella Stewart,</subfield>
      <subfield code="d">1840-1924.</subfield>
    </datafield>
    <datafield tag="600" ind1="1" ind2="0">
      <subfield code="a">Gilder, Richard Watson,</subfield>
      <subfield code="d">1844-1909.</subfield>
    </datafield>
    <datafield tag="600" ind1="1" ind2="0">
      <subfield code="a">Godkin, Edwin Lawrence,</subfield>
      <subfield code="d">1831-1902.</subfield>
    </datafield>
    <datafield tag="600" ind1="1" ind2="0">
      <subfield code="a">Goncourt, Edmond de,</subfield>
      <subfield code="d">1822-1896.</subfield>
    </datafield>
    <datafield tag="600" ind1="1" ind2="0">
      <subfield code="a">Gosse, Edmund,</subfield>
      <subfield code="d">1849-1928.</subfield>
    </datafield>
    <datafield tag="600" ind1="1" ind2="0">
      <subfield code="a">Gosse, Edmund,</subfield>
      <subfield code="d">1849-1928</subfield>
      <subfield code="v">Photographs.</subfield>
    </datafield>
    <datafield tag="600" ind1="1" ind2="0">
      <subfield code="a">Greeley, Horace,</subfield>
      <subfield code="d">1811-1872.</subfield>
    </datafield>
    <datafield tag="600" ind1="1" ind2="0">
      <subfield code="a">Green, Alice Stopford,</subfield>
      <subfield code="d">1848-1929.</subfield>
    </datafield>
    <datafield tag="600" ind1="1" ind2="0">
      <subfield code="a">Harris, Frank,</subfield>
      <subfield code="d">1855-1931.</subfield>
    </datafield>
    <datafield tag="600" ind1="1" ind2="0">
      <subfield code="a">Hay, John,</subfield>
      <subfield code="d">1838-1905</subfield>
      <subfield code="t">Abraham Lincoln.</subfield>
    </datafield>
    <datafield tag="600" ind1="1" ind2="0">
      <subfield code="a">Howells, William Dean,</subfield>
      <subfield code="d">1837-1920.</subfield>
    </datafield>
    <datafield tag="600" ind1="1" ind2="0">
      <subfield code="a">Huntington, William Henry,</subfield>
      <subfield code="d">1820-1885.</subfield>
    </datafield>
    <datafield tag="600" ind1="1" ind2="0">
      <subfield code="a">Ibsen, Henrik,</subfield>
      <subfield code="d">1828-1906.</subfield>
    </datafield>
    <datafield tag="600" ind1="1" ind2="0">
      <subfield code="a">James, Alice,</subfield>
      <subfield code="d">1848-1892.</subfield>
    </datafield>
    <datafield tag="600" ind1="1" ind2="0">
      <subfield code="a">James, Henry,</subfield>
      <subfield code="d">1811-1882.</subfield>
    </datafield>
    <datafield tag="600" ind1="1" ind2="0">
      <subfield code="a">James, Henry,</subfield>
      <subfield code="d">1843-1916.</subfield>
    </datafield>
    <datafield tag="600" ind1="1" ind2="0">
      <subfield code="a">James, Henry,</subfield>
      <subfield code="d">1843-1916</subfield>
      <subfield code="x">Criticism and interpretation.</subfield>
    </datafield>
    <datafield tag="600" ind1="1" ind2="0">
      <subfield code="a">James, Henry,</subfield>
      <subfield code="d">1843-1916</subfield>
      <subfield code="v">Photographs.</subfield>
    </datafield>
    <datafield tag="600" ind1="1" ind2="0">
      <subfield code="a">James, Henry,</subfield>
      <subfield code="d">1843-1916</subfield>
      <subfield code="x">Homes and haunts</subfield>
      <subfield code="v">Photographs.</subfield>
    </datafield>
    <datafield tag="600" ind1="1" ind2="0">
      <subfield code="a">James, William,</subfield>
      <subfield code="d">1842-1910.</subfield>
    </datafield>
    <datafield tag="600" ind1="1" ind2="0">
      <subfield code="a">Jewett, Sarah Orne,</subfield>
      <subfield code="d">1849-1909</subfield>
      <subfield code="t">Country of the pointed firs.</subfield>
    </datafield>
    <datafield tag="600" ind1="1" ind2="0">
      <subfield code="a">Kemble, Fanny,</subfield>
      <subfield code="d">1809-1893.</subfield>
    </datafield>
    <datafield tag="600" ind1="1" ind2="0">
      <subfield code="a">King, Clarence,</subfield>
      <subfield code="d">1842-1901.</subfield>
    </datafield>
    <datafield tag="600" ind1="1" ind2="0">
      <subfield code="a">Kipling, Rudyard,</subfield>
      <subfield code="d">1865-1936.</subfield>
    </datafield>
    <datafield tag="600" ind1="1" ind2="0">
      <subfield code="a">La Farge, John,</subfield>
      <subfield code="d">1835-1910.</subfield>
    </datafield>
    <datafield tag="600" ind1="1" ind2="0">
      <subfield code="a">Langtry, Lillie,</subfield>
      <subfield code="d">1853-1929.</subfield>
    </datafield>
    <datafield tag="600" ind1="1" ind2="0">
      <subfield code="a">Lubbock, Percy,</subfield>
      <subfield code="d">1879-</subfield>
    </datafield>
    <datafield tag="600" ind1="1" ind2="0">
      <subfield code="a">Maeterlinck, Maurice,</subfield>
      <subfield code="d">1862-1949.</subfield>
    </datafield>
    <datafield tag="600" ind1="1" ind2="0">
      <subfield code="a">Maupassant, Guy de,</subfield>
      <subfield code="d">1850-1893.</subfield>
      <subfield code="t">Bel-ami.</subfield>
    </datafield>
    <datafield tag="600" ind1="1" ind2="0">
      <subfield code="a">Meredith, George,</subfield>
      <subfield code="d">1828-1909.</subfield>
    </datafield>
    <datafield tag="600" ind1="1" ind2="0">
      <subfield code="a">Millet, Francis Davis,</subfield>
      <subfield code="d">1846-1912.</subfield>
    </datafield>
    <datafield tag="600" ind1="1" ind2="0">
      <subfield code="a">Monet, Claude,</subfield>
      <subfield code="d">1840-1926.</subfield>
    </datafield>
    <datafield tag="600" ind1="1" ind2="0">
      <subfield code="a">Morrell, Ottoline Violet Anne Cavendish-Bentinck,</subfield>
      <subfield code="c">Lady,</subfield>
      <subfield code="d">1873-1938.</subfield>
    </datafield>
    <datafield tag="600" ind1="1" ind2="0">
      <subfield code="a">Munthe, Axel,</subfield>
      <subfield code="d">1857-1949.</subfield>
    </datafield>
    <datafield tag="600" ind1="1" ind2="0">
      <subfield code="a">Oliphant,</subfield>
      <subfield code="c">Mrs.</subfield>
      <subfield code="q">(Margaret),</subfield>
      <subfield code="d">1828-1897.</subfield>
    </datafield>
    <datafield tag="600" ind1="1" ind2="0">
      <subfield code="a">Orr, Sutherland,</subfield>
      <subfield code="c">Mrs.,</subfield>
      <subfield code="d">1828-1903</subfield>
      <subfield code="t">Life and letters of Robert Browning.</subfield>
    </datafield>
    <datafield tag="600" ind1="1" ind2="0">
      <subfield code="a">Page, Walter Hines,</subfield>
      <subfield code="d">1855-1918.</subfield>
    </datafield>
    <datafield tag="600" ind1="1" ind2="0">
      <subfield code="a">Patmore, Coventry,</subfield>
      <subfield code="d">1823-1896</subfield>
    </datafield>
    <datafield tag="600" ind1="1" ind2="0">
      <subfield code="a">Pennell, Joseph,</subfield>
      <subfield code="d">1857-1926.</subfield>
    </datafield>
    <datafield tag="600" ind1="1" ind2="0">
      <subfield code="a">Perry, Thomas Sergeant,</subfield>
      <subfield code="d">1845-1928.</subfield>
    </datafield>
    <datafield tag="600" ind1="1" ind2="0">
      <subfield code="a">Prothero, G. W.</subfield>
      <subfield code="q">(George Walter),</subfield>
      <subfield code="d">1848-1922.</subfield>
    </datafield>
    <datafield tag="600" ind1="1" ind2="0">
      <subfield code="a">Sackville, Lionel Sackville Sackville-West,</subfield>
      <subfield code="c">Baron,</subfield>
      <subfield code="d">1827-1908.</subfield>
    </datafield>
    <datafield tag="600" ind1="1" ind2="0">
      <subfield code="a">Sargent, Emily,</subfield>
      <subfield code="d">b. 1857.</subfield>
    </datafield>
    <datafield tag="600" ind1="1" ind2="0">
      <subfield code="a">Sargent, John Singer,</subfield>
      <subfield code="d">1856-1925.</subfield>
    </datafield>
    <datafield tag="600" ind1="1" ind2="0">
      <subfield code="a">Scott, Walter,</subfield>
      <subfield code="c">Sir,</subfield>
      <subfield code="d">1771-1832.</subfield>
    </datafield>
    <datafield tag="600" ind1="1" ind2="0">
      <subfield code="a">Stephen, Leslie,</subfield>
      <subfield code="d">1832-1904</subfield>
    </datafield>
    <datafield tag="600" ind1="1" ind2="0">
      <subfield code="a">Stevenson, Robert Louis,</subfield>
      <subfield code="d">1850-1894.</subfield>
    </datafield>
    <datafield tag="600" ind1="1" ind2="0">
      <subfield code="a">Stoddard, Elizabeth,</subfield>
      <subfield code="d">1823-1902</subfield>
      <subfield code="t">Two men.</subfield>
    </datafield>
    <datafield tag="600" ind1="1" ind2="0">
      <subfield code="a">Stubbs, Charles William,</subfield>
      <subfield code="d">1845-1912.</subfield>
    </datafield>
    <datafield tag="600" ind1="1" ind2="0">
      <subfield code="a">Swedenborg, Emanuel,</subfield>
      <subfield code="d">1688-1772.</subfield>
    </datafield>
    <datafield tag="600" ind1="1" ind2="0">
      <subfield code="a">Terry, Ellen,</subfield>
      <subfield code="c">Dame,</subfield>
      <subfield code="d">1847-1928.</subfield>
    </datafield>
    <datafield tag="600" ind1="1" ind2="0">
      <subfield code="a">Thayer, William Sydney,</subfield>
      <subfield code="d">1864-1932.</subfield>
    </datafield>
    <datafield tag="600" ind1="1" ind2="0">
      <subfield code="a">Theodoli, Lily Conrad,</subfield>
      <subfield code="c">marchesa.</subfield>
    </datafield>
    <datafield tag="600" ind1="1" ind2="0">
      <subfield code="a">Turgenev, Ivan Sergeevich,</subfield>
      <subfield code="d">1818-1883.</subfield>
    </datafield>
    <datafield tag="600" ind1="0" ind2="0">
      <subfield code="a">Umberto</subfield>
      <subfield code="b">I,</subfield>
      <subfield code="c">King of Italy,</subfield>
      <subfield code="d">1844-1900.</subfield>
    </datafield>
    <datafield tag="600" ind1="1" ind2="0">
      <subfield code="a">Walpole, Hugh,</subfield>
      <subfield code="c">Sir,</subfield>
      <subfield code="d">1884-1941.</subfield>
    </datafield>
    <datafield tag="600" ind1="1" ind2="0">
      <subfield code="a">Ward, Humphry,</subfield>
      <subfield code="c">Mrs.,</subfield>
      <subfield code="d">1851-1920.</subfield>
    </datafield>
    <datafield tag="600" ind1="1" ind2="0">
      <subfield code="a">Ward, Humphry,</subfield>
      <subfield code="c">Mrs.,</subfield>
      <subfield code="d">1851-1920</subfield>
      <subfield code="v">Photographs.</subfield>
    </datafield>
    <datafield tag="600" ind1="1" ind2="0">
      <subfield code="a">Wells, H. G.</subfield>
      <subfield code="q">(Herbert George),</subfield>
      <subfield code="d">1866-1946.</subfield>
    </datafield>
    <datafield tag="600" ind1="1" ind2="0">
      <subfield code="a">Wharton, Edith,</subfield>
      <subfield code="d">1862-1937.</subfield>
    </datafield>
    <datafield tag="600" ind1="1" ind2="0">
      <subfield code="a">Whistler, James McNeill,</subfield>
      <subfield code="d">1834-1903</subfield>
      <subfield code="x">Criticism and interpretation.</subfield>
    </datafield>
    <datafield tag="600" ind1="1" ind2="0">
      <subfield code="a">Wister, Owen,</subfield>
      <subfield code="d">1860-1938.</subfield>
    </datafield>
    <datafield tag="600" ind1="1" ind2="0">
      <subfield code="a">Woolson, Constance Fenimore,</subfield>
      <subfield code="d">1840-1894</subfield>
      <subfield code="x">Death and burial.</subfield>
    </datafield>
    <datafield tag="600" ind1="1" ind2="0">
      <subfield code="a">Wyllie, William Hunt Curzon,</subfield>
      <subfield code="d">1848-1909</subfield>
      <subfield code="x">Death and burial.</subfield>
    </datafield>
    <datafield tag="600" ind1="1" ind2="0">
      <subfield code="a">Zola, Émile,</subfield>
      <subfield code="d">1840-1902</subfield>
    </datafield>
    <datafield tag="600" ind1="1" ind2="0">
      <subfield code="a">Zola, Émile,</subfield>
      <subfield code="d">1840-1902.</subfield>
      <subfield code="t">Nana</subfield>
    </datafield>
    <datafield tag="610" ind1="2" ind2="0">
      <subfield code="a">Amatory Club.</subfield>
    </datafield>
    <datafield tag="610" ind1="2" ind2="0">
      <subfield code="a">Lamb House (Sussex, Eng.)</subfield>
      <subfield code="v">Photographs.</subfield>
    </datafield>
    <datafield tag="610" ind1="2" ind2="0">
      <subfield code="a">Reform Club (London)</subfield>
    </datafield>
    <datafield tag="610" ind1="2" ind2="0">
      <subfield code="a">Royal Literary Fund.</subfield>
    </datafield>
    <datafield tag="630" ind1="0" ind2="0">
      <subfield code="a">Emancipation Proclamation</subfield>
      <subfield code="x">Public opinion.</subfield>
    </datafield>
    <datafield tag="630" ind1="0" ind2="0">
      <subfield code="a">Fortnightly review.</subfield>
    </datafield>
    <datafield tag="650" ind1=" " ind2="0">
      <subfield code="a">Authors and publishers.</subfield>
    </datafield>
    <datafield tag="650" ind1=" " ind2="0">
      <subfield code="a">Books</subfield>
      <subfield code="x">Pirated editions.</subfield>
    </datafield>
    <datafield tag="650" ind1=" " ind2="0">
      <subfield code="a">Copyright.</subfield>
    </datafield>
    <datafield tag="650" ind1=" " ind2="0">
      <subfield code="a">Gout.</subfield>
    </datafield>
    <datafield tag="650" ind1=" " ind2="0">
      <subfield code="a">Mental illness</subfield>
      <subfield code="x">Treatment.</subfield>
    </datafield>
    <datafield tag="650" ind1=" " ind2="0">
      <subfield code="a">New Jerusalem Church.</subfield>
    </datafield>
    <datafield tag="650" ind1=" " ind2="0">
      <subfield code="a">Sculptors</subfield>
      <subfield code="v">Correspondence.</subfield>
    </datafield>
    <datafield tag="650" ind1=" " ind2="0">
      <subfield code="a">Slaves</subfield>
      <subfield code="z">Greece</subfield>
      <subfield code="x">Emancipation.</subfield>
    </datafield>
    <datafield tag="650" ind1=" " ind2="0">
      <subfield code="a">Theater</subfield>
      <subfield code="z">England</subfield>
      <subfield code="z">London</subfield>
      <subfield code="x">History</subfield>
      <subfield code="y">20th century.</subfield>
    </datafield>
    <datafield tag="650" ind1=" " ind2="0">
      <subfield code="a">World War, 1914-1918</subfield>
      <subfield code="z">Great Britiain</subfield>
      <subfield code="x">Public opinion.</subfield>
    </datafield>
    <datafield tag="650" ind1=" " ind2="0">
      <subfield code="a">World War, 1914-1918</subfield>
      <subfield code="v">Personal narratives, American.</subfield>
    </datafield>
    <datafield tag="651" ind1=" " ind2="0">
      <subfield code="a">Canada</subfield>
      <subfield code="x">Emigration and immigration.</subfield>
    </datafield>
    <datafield tag="651" ind1=" " ind2="0">
      <subfield code="a">Italy</subfield>
      <subfield code="x">Description and travel.</subfield>
    </datafield>
    <datafield tag="651" ind1=" " ind2="0">
      <subfield code="a">London (England)</subfield>
      <subfield code="x">Description and travel.</subfield>
    </datafield>
    <datafield tag="651" ind1=" " ind2="0">
      <subfield code="a">Paris (France)</subfield>
      <subfield code="x">Description and travel.</subfield>
    </datafield>
    <datafield tag="651" ind1=" " ind2="0">
      <subfield code="a">Washington (D.C.)</subfield>
      <subfield code="x">Description and travel.</subfield>
    </datafield>
    <datafield tag="655" ind1=" " ind2="7">
      <subfield code="a">Letters (Correspondence)</subfield>
      <subfield code="2">aat</subfield>
    </datafield>
    <datafield tag="700" ind1="1" ind2="1">
      <subfield code="a">Ainslie, Douglas,</subfield>
      <subfield code="d">1865-1948</subfield>
      <subfield code="e">recipient.</subfield>
    </datafield>
    <datafield tag="700" ind1="1" ind2=" ">
      <subfield code="a">Aldrich, Thomas Bailey,</subfield>
      <subfield code="d">1836-1907,</subfield>
      <subfield code="e">recipient.</subfield>
    </datafield>
    <datafield tag="700" ind1="1" ind2=" ">
      <subfield code="a">Anderson, Hendrik Christian,</subfield>
      <subfield code="d">1872-1940,</subfield>
      <subfield code="e">recipient.</subfield>
    </datafield>
    <datafield tag="700" ind1="1" ind2=" ">
      <subfield code="a">Archbald, E. M.,</subfield>
      <subfield code="d">fl. 1879,</subfield>
      <subfield code="e">correspondent.</subfield>
    </datafield>
    <datafield tag="700" ind1="1" ind2=" ">
      <subfield code="a">Barrett, Clifton Waller,</subfield>
      <subfield code="d">1901-</subfield>
      <subfield code="e">recipient.</subfield>
    </datafield>
    <datafield tag="700" ind1="1" ind2="2">
      <subfield code="a">Beerbohm, Max,</subfield>
      <subfield code="c">Sir,</subfield>
      <subfield code="d">1872-1956.</subfield>
      <subfield code="t">To Henry James.</subfield>
    </datafield>
    <datafield tag="700" ind1="1" ind2=" ">
      <subfield code="a">Berry, Walter Van Rensselaer,</subfield>
      <subfield code="d">1859-1927,</subfield>
      <subfield code="e">recipient.</subfield>
    </datafield>
    <datafield tag="700" ind1="1" ind2=" ">
      <subfield code="a">Bogart, W. H.</subfield>
      <subfield code="q">(William Henry),</subfield>
      <subfield code="d">1810-1888,</subfield>
      <subfield code="e">correspondent.</subfield>
    </datafield>
    <datafield tag="700" ind1="1" ind2=" ">
      <subfield code="a">Boughton, George Henry,</subfield>
      <subfield code="d">1834-1905</subfield>
      <subfield code="e">recipient.</subfield>
    </datafield>
    <datafield tag="700" ind1="1" ind2=" ">
      <subfield code="a">Brewster, H. B.</subfield>
      <subfield code="q">(Henry Bennet),</subfield>
      <subfield code="d">1850-1908,</subfield>
      <subfield code="e">recipient.</subfield>
    </datafield>
    <datafield tag="700" ind1="1" ind2=" ">
      <subfield code="a">Brook, Rupert,</subfield>
      <subfield code="d">fl. 1899,</subfield>
      <subfield code="e">recipient.</subfield>
    </datafield>
    <datafield tag="700" ind1="1" ind2=" ">
      <subfield code="a">Carter, Anna Grace,</subfield>
      <subfield code="e">recipient.</subfield>
    </datafield>
    <datafield tag="700" ind1="1" ind2=" ">
      <subfield code="a">Child, Theodore,</subfield>
      <subfield code="d">1846-1892,</subfield>
      <subfield code="e">recipient.</subfield>
    </datafield>
    <datafield tag="700" ind1="1" ind2=" ">
      <subfield code="a">Clark, John Willis,</subfield>
      <subfield code="d">1833-1910,</subfield>
      <subfield code="e">recipient.</subfield>
    </datafield>
    <datafield tag="700" ind1="1" ind2=" ">
      <subfield code="a">Clemens, Cyril,</subfield>
      <subfield code="d">1902-</subfield>
      <subfield code="e">correspondent.</subfield>
    </datafield>
    <datafield tag="700" ind1="1" ind2=" ">
      <subfield code="a">Coan, T. M.</subfield>
      <subfield code="q">(Titus Munson),</subfield>
      <subfield code="d">1836-1921,</subfield>
      <subfield code="e">correspondent.</subfield>
    </datafield>
    <datafield tag="700" ind1="1" ind2=" ">
      <subfield code="a">Coburn, Alvin Langdon,</subfield>
      <subfield code="d">1882-1966</subfield>
      <subfield code="e">recipient.</subfield>
    </datafield>
    <datafield tag="700" ind1="1" ind2=" ">
      <subfield code="a">Colles, Martin,</subfield>
      <subfield code="d">fl. 1899,</subfield>
      <subfield code="e">recipient.</subfield>
    </datafield>
    <datafield tag="700" ind1="1" ind2=" ">
      <subfield code="a">Colvin, Frances Fetherstonhaugh,</subfield>
      <subfield code="c">Lady,</subfield>
      <subfield code="d">1839-1924,</subfield>
      <subfield code="e">recipient.</subfield>
    </datafield>
    <datafield tag="700" ind1="1" ind2=" ">
      <subfield code="a">Conrad, Joseph,</subfield>
      <subfield code="d">1857-1924,</subfield>
      <subfield code="e">recipient.</subfield>
    </datafield>
    <datafield tag="700" ind1="1" ind2=" ">
      <subfield code="a">Craik, Henry,</subfield>
      <subfield code="c">Sir,</subfield>
      <subfield code="d">1846-1927,</subfield>
      <subfield code="e">recipient.</subfield>
    </datafield>
    <datafield tag="700" ind1="1" ind2=" ">
      <subfield code="a">Crane, Cora,</subfield>
      <subfield code="d">1865 or 6-1910,</subfield>
      <subfield code="e">recipient.</subfield>
    </datafield>
    <datafield tag="700" ind1="1" ind2=" ">
      <subfield code="a">Crawford, F. Marion</subfield>
      <subfield code="q">(Francis Marion),</subfield>
      <subfield code="d">1854-1909,</subfield>
      <subfield code="e">correspondent.</subfield>
    </datafield>
    <datafield tag="700" ind1="1" ind2=" ">
      <subfield code="a">Curtis, Ariana Wormeley,</subfield>
      <subfield code="d">1833-1922</subfield>
      <subfield code="e">recipient.</subfield>
    </datafield>
    <datafield tag="700" ind1="1" ind2=" ">
      <subfield code="a">Curtis, Daniel Sargent,</subfield>
      <subfield code="d">1825-1908</subfield>
      <subfield code="e">recipient.</subfield>
    </datafield>
    <datafield tag="700" ind1="1" ind2="2">
      <subfield code="a">Daudet, Alphonse,</subfield>
      <subfield code="d">1840-1897.</subfield>
      <subfield code="t">Tourgeneff.</subfield>
    </datafield>
    <datafield tag="700" ind1="1" ind2=" ">
      <subfield code="a">Dodd, Ashley,</subfield>
      <subfield code="e">recipient.</subfield>
    </datafield>
    <datafield tag="700" ind1="1" ind2=" ">
      <subfield code="a">Duneka, Frederick A.,</subfield>
      <subfield code="d">d. 1919,</subfield>
      <subfield code="e">recipient.</subfield>
    </datafield>
    <datafield tag="700" ind1="1" ind2=" ">
      <subfield code="a">Edel, Leon,</subfield>
      <subfield code="d">1907-1997,</subfield>
      <subfield code="e">correspondent.</subfield>
    </datafield>
    <datafield tag="700" ind1="1" ind2=" ">
      <subfield code="a">Ford, Ford Madox,</subfield>
      <subfield code="d">1873-1939,</subfield>
      <subfield code="e">recipient.</subfield>
    </datafield>
    <datafield tag="700" ind1="1" ind2="2">
      <subfield code="a">Ford, Ford Madox,</subfield>
      <subfield code="d">1873-1939.</subfield>
      <subfield code="t">Master.</subfield>
    </datafield>
    <datafield tag="700" ind1="1" ind2=" ">
      <subfield code="a">Frederic, Harold,</subfield>
      <subfield code="d">1856-1898,</subfield>
      <subfield code="e">recipient.</subfield>
    </datafield>
    <datafield tag="700" ind1="1" ind2=" ">
      <subfield code="a">Frewen, Clare,</subfield>
      <subfield code="e">recipient.</subfield>
    </datafield>
    <datafield tag="700" ind1="1" ind2=" ">
      <subfield code="a">Fullerton, William Morton,</subfield>
      <subfield code="d">b. 1865,</subfield>
      <subfield code="e">recipient.</subfield>
    </datafield>
    <datafield tag="700" ind1="1" ind2=" ">
      <subfield code="a">Gardiner, O. C.</subfield>
      <subfield code="q">(Oliver Cromwell),</subfield>
      <subfield code="e">recipient.</subfield>
    </datafield>
    <datafield tag="700" ind1="1" ind2=" ">
      <subfield code="a">Garrison, Wendell Phillips,</subfield>
      <subfield code="d">1840-1907</subfield>
      <subfield code="e">recipient.</subfield>
    </datafield>
    <datafield tag="700" ind1="1" ind2=" ">
      <subfield code="a">Gilchrist, Herbert Harlakenden,</subfield>
      <subfield code="d">b. 1857,</subfield>
      <subfield code="e">recipient.</subfield>
    </datafield>
    <datafield tag="700" ind1="1" ind2=" ">
      <subfield code="a">Gosse, Edmund,</subfield>
      <subfield code="d">1849-1928</subfield>
      <subfield code="e">correspondent.</subfield>
    </datafield>
    <datafield tag="700" ind1="1" ind2=" ">
      <subfield code="a">Green, Alice Stopford,</subfield>
      <subfield code="d">1848-1929,</subfield>
      <subfield code="e">recipient.</subfield>
    </datafield>
    <datafield tag="700" ind1="1" ind2=" ">
      <subfield code="a">Hamilton, Ian,</subfield>
      <subfield code="c">Sir,</subfield>
      <subfield code="d">1853-1947</subfield>
      <subfield code="e">recipient.</subfield>
    </datafield>
    <datafield tag="700" ind1="1" ind2=" ">
      <subfield code="a">Harland, Aline,</subfield>
      <subfield code="e">recipient.</subfield>
    </datafield>
    <datafield tag="700" ind1="1" ind2=" ">
      <subfield code="a">Hathaway, Hattie E.,</subfield>
      <subfield code="d">fl. 1874-1879,</subfield>
      <subfield code="e">recipient.</subfield>
    </datafield>
    <datafield tag="700" ind1="1" ind2=" ">
      <subfield code="a">Hatton, Joseph,</subfield>
      <subfield code="d">1841-1907,</subfield>
      <subfield code="e">recipient.</subfield>
    </datafield>
    <datafield tag="700" ind1="1" ind2=" ">
      <subfield code="a">Hawthorne, Julian,</subfield>
      <subfield code="d">1846-1934</subfield>
      <subfield code="e">recipient.</subfield>
    </datafield>
    <datafield tag="700" ind1="1" ind2=" ">
      <subfield code="a">Henniker, Florence,</subfield>
      <subfield code="d">d. 1923,</subfield>
      <subfield code="e">recipient.</subfield>
    </datafield>
    <datafield tag="700" ind1="1" ind2=" ">
      <subfield code="a">Henschel, George,</subfield>
      <subfield code="c">Sir,</subfield>
      <subfield code="d">1850-1934,</subfield>
      <subfield code="e">recipient.</subfield>
    </datafield>
    <datafield tag="700" ind1="1" ind2=" ">
      <subfield code="a">Henschel, Lillian June,</subfield>
      <subfield code="d">1860-1901,</subfield>
      <subfield code="e">recipient.</subfield>
    </datafield>
    <datafield tag="700" ind1="1" ind2=" ">
      <subfield code="a">Hunt, Violet,</subfield>
      <subfield code="d">1862-1942,</subfield>
      <subfield code="e">recipient.</subfield>
    </datafield>
    <datafield tag="700" ind1="1" ind2=" ">
      <subfield code="a">Huntington, William Henry,</subfield>
      <subfield code="d">1820-1885,</subfield>
      <subfield code="e">recipient.</subfield>
    </datafield>
    <datafield tag="700" ind1="1" ind2=" ">
      <subfield code="a">Hyde, H. Montgomery</subfield>
      <subfield code="q">(Harford Montgomery),</subfield>
      <subfield code="d">1907-1989</subfield>
      <subfield code="e">correspondent.</subfield>
    </datafield>
    <datafield tag="700" ind1="1" ind2="2">
      <subfield code="a">Hyde, H. Montgomery</subfield>
      <subfield code="q">(Harford Montgomery),</subfield>
      <subfield code="d">1907-1989</subfield>
      <subfield code="t">Henry James at home.</subfield>
    </datafield>
    <datafield tag="700" ind1="1" ind2=" ">
      <subfield code="a">James, Alice,</subfield>
      <subfield code="d">1848-1892</subfield>
      <subfield code="e">correspondent.</subfield>
    </datafield>
    <datafield tag="700" ind1="1" ind2=" ">
      <subfield code="a">James, Alice Howe Gibbens.</subfield>
    </datafield>
    <datafield tag="700" ind1="1" ind2=" ">
      <subfield code="a">James, Alice Rutherford Runnels,</subfield>
      <subfield code="e">recipient.</subfield>
    </datafield>
    <datafield tag="700" ind1="1" ind2="2">
      <subfield code="a">James, Henry,</subfield>
      <subfield code="d">1843-1916.</subfield>
      <subfield code="t">Europeans.</subfield>
    </datafield>
    <datafield tag="700" ind1="1" ind2="2">
      <subfield code="a">James, Henry,</subfield>
      <subfield code="d">1843-1916.</subfield>
      <subfield code="t">Honoré Daumier.</subfield>
    </datafield>
    <datafield tag="700" ind1="1" ind2="2">
      <subfield code="a">James, Henry,</subfield>
      <subfield code="d">1843-1916.</subfield>
      <subfield code="t">Saloon.</subfield>
    </datafield>
    <datafield tag="700" ind1="1" ind2="2">
      <subfield code="a">James, Henry,</subfield>
      <subfield code="d">1843-1916.</subfield>
      <subfield code="t">Tourgueneff.</subfield>
    </datafield>
    <datafield tag="700" ind1="1" ind2=" ">
      <subfield code="a">James, William,</subfield>
      <subfield code="d">1842-1910,</subfield>
      <subfield code="e">correspondent.</subfield>
    </datafield>
    <datafield tag="700" ind1="1" ind2=" ">
      <subfield code="a">James, William,</subfield>
      <subfield code="d">1882-1961,</subfield>
      <subfield code="e">correspondent.</subfield>
    </datafield>
    <datafield tag="700" ind1="1" ind2=" ">
      <subfield code="a">Johnson, Robert Underwood,</subfield>
      <subfield code="d">1853-1937</subfield>
      <subfield code="e">recipient.</subfield>
    </datafield>
    <datafield tag="700" ind1="1" ind2=" ">
      <subfield code="a">Jordan, Elizabeth Garver,</subfield>
      <subfield code="d">1867-1947,</subfield>
      <subfield code="e">recipient.</subfield>
    </datafield>
    <datafield tag="700" ind1="1" ind2=" ">
      <subfield code="a">Kenton, Edna,</subfield>
      <subfield code="d">1876-1954,</subfield>
      <subfield code="e">correspondent.</subfield>
    </datafield>
    <datafield tag="700" ind1="1" ind2=" ">
      <subfield code="a">King, Frederick Allen,</subfield>
      <subfield code="d">1865-1939,</subfield>
      <subfield code="e">recipient.</subfield>
    </datafield>
    <datafield tag="700" ind1="1" ind2=" ">
      <subfield code="a">Kirstein, Lincoln,</subfield>
      <subfield code="d">1907-1996,</subfield>
      <subfield code="e">recipient.</subfield>
    </datafield>
    <datafield tag="700" ind1="1" ind2=" ">
      <subfield code="a">Lee, Vernon,</subfield>
      <subfield code="d">1856-1935</subfield>
      <subfield code="e">recipient.</subfield>
    </datafield>
    <datafield tag="700" ind1="1" ind2=" ">
      <subfield code="a">Leffingwell, Albert,</subfield>
      <subfield code="d">1845-1916</subfield>
      <subfield code="e">recipient.</subfield>
    </datafield>
    <datafield tag="700" ind1="1" ind2=" ">
      <subfield code="a">Leverson, Ada</subfield>
      <subfield code="e">recipient.</subfield>
    </datafield>
    <datafield tag="700" ind1="1" ind2=" ">
      <subfield code="a">Loring, Katherine P.,</subfield>
      <subfield code="d">fl. 1897, erecipient.</subfield>
    </datafield>
    <datafield tag="700" ind1="1" ind2=" ">
      <subfield code="a">Loring, Louisa,</subfield>
      <subfield code="e">recipient.</subfield>
    </datafield>
    <datafield tag="700" ind1="1" ind2=" ">
      <subfield code="a">McCarthy, Justin H.</subfield>
      <subfield code="q">(Justin Huntly),</subfield>
      <subfield code="d">1860-1936,</subfield>
      <subfield code="e">correspondent.</subfield>
    </datafield>
    <datafield tag="700" ind1="1" ind2=" ">
      <subfield code="a">McClure, S. S.</subfield>
      <subfield code="q">(Samuel Sidney),</subfield>
      <subfield code="d">1857-1949</subfield>
      <subfield code="e">recipient.</subfield>
    </datafield>
    <datafield tag="700" ind1="1" ind2=" ">
      <subfield code="a">Mead, Leon,</subfield>
      <subfield code="d">b. 1861,</subfield>
      <subfield code="e">recipient.</subfield>
    </datafield>
    <datafield tag="700" ind1="1" ind2=" ">
      <subfield code="a">Meeker, Fanny,</subfield>
      <subfield code="d">fl. 1869,</subfield>
      <subfield code="e">correspondent.</subfield>
    </datafield>
    <datafield tag="700" ind1="1" ind2=" ">
      <subfield code="a">Meredith, William,</subfield>
      <subfield code="d">fl. 1898,</subfield>
      <subfield code="e">recipient.</subfield>
    </datafield>
    <datafield tag="700" ind1="1" ind2=" ">
      <subfield code="a">Milman, Angelina,</subfield>
      <subfield code="d">fl. 1896-1908,</subfield>
      <subfield code="e">recipient.</subfield>
    </datafield>
    <datafield tag="700" ind1="1" ind2=" ">
      <subfield code="a">Norton, Eliot,</subfield>
      <subfield code="d">1863-1932,</subfield>
      <subfield code="e">recipient.</subfield>
    </datafield>
    <datafield tag="700" ind1="1" ind2=" ">
      <subfield code="a">Norton, Grace,</subfield>
      <subfield code="d">1834-1926,</subfield>
      <subfield code="e">recipient.</subfield>
    </datafield>
    <datafield tag="700" ind1="1" ind2=" ">
      <subfield code="a">Osgood, James R.</subfield>
      <subfield code="q">(James Ripley),</subfield>
      <subfield code="d">1836-1892</subfield>
      <subfield code="e">recipient.</subfield>
    </datafield>
    <datafield tag="700" ind1="1" ind2=" ">
      <subfield code="a">Page, Alice Wilson,</subfield>
      <subfield code="e">recipient</subfield>
    </datafield>
    <datafield tag="700" ind1="1" ind2=" ">
      <subfield code="a">Palmer, Mary Lincoln Mellen,</subfield>
      <subfield code="d">1850-1894,</subfield>
      <subfield code="e">recipient.</subfield>
    </datafield>
    <datafield tag="700" ind1="1" ind2=" ">
      <subfield code="a">Peabody, Elizabeth Palmer,</subfield>
      <subfield code="d">1778-1853,</subfield>
      <subfield code="e">recipient.</subfield>
    </datafield>
    <datafield tag="700" ind1="1" ind2=" ">
      <subfield code="a">Peard, Frances Mary,</subfield>
      <subfield code="d">1835-</subfield>
      <subfield code="e">recipient.</subfield>
    </datafield>
    <datafield tag="700" ind1="1" ind2=" ">
      <subfield code="a">Phillips, F.,</subfield>
      <subfield code="e">recipient.</subfield>
    </datafield>
    <datafield tag="700" ind1="1" ind2=" ">
      <subfield code="a">Phillips, Le Roy,</subfield>
      <subfield code="d">b. 1870</subfield>
      <subfield code="e">recipient.</subfield>
    </datafield>
    <datafield tag="700" ind1="1" ind2=" ">
      <subfield code="a">Pollock, Frederick,</subfield>
      <subfield code="d">1845-1937</subfield>
      <subfield code="e">recipient.</subfield>
    </datafield>
    <datafield tag="700" ind1="1" ind2=" ">
      <subfield code="a">Raffalovich, André,</subfield>
      <subfield code="e">recipient.</subfield>
    </datafield>
    <datafield tag="700" ind1="1" ind2=" ">
      <subfield code="a">Reid, Forrest,</subfield>
      <subfield code="d">1875-1947.</subfield>
    </datafield>
    <datafield tag="700" ind1="1" ind2=" ">
      <subfield code="a">Reid, T. Wemyss</subfield>
      <subfield code="q">(Thomas Wemyss),</subfield>
      <subfield code="d">1842-1905</subfield>
      <subfield code="e">recipient.</subfield>
    </datafield>
    <datafield tag="700" ind1="1" ind2=" ">
      <subfield code="a">Ripley, George,</subfield>
      <subfield code="d">1802-1880,</subfield>
      <subfield code="e">recipient.</subfield>
    </datafield>
    <datafield tag="700" ind1="1" ind2=" ">
      <subfield code="a">Ritchie, Anne Thackeray,</subfield>
      <subfield code="d">1837-1919</subfield>
      <subfield code="e">recipient.</subfield>
    </datafield>
    <datafield tag="700" ind1="1" ind2=" ">
      <subfield code="a">Roberts, A. Llewellyn,</subfield>
      <subfield code="e">recipient</subfield>
    </datafield>
    <datafield tag="700" ind1="1" ind2="2">
      <subfield code="a">Ruhm, Herbert.</subfield>
      <subfield code="t">Lady Barberina and other tales.</subfield>
    </datafield>
    <datafield tag="700" ind1="1" ind2=" ">
      <subfield code="a">Secker, Martin,</subfield>
      <subfield code="d">1882-1978,</subfield>
      <subfield code="e">recipient.</subfield>
    </datafield>
    <datafield tag="700" ind1="1" ind2=" ">
      <subfield code="a">Seymour, Truman,</subfield>
      <subfield code="d">1824-1891,</subfield>
      <subfield code="e">recipient.</subfield>
    </datafield>
    <datafield tag="700" ind1="1" ind2=" ">
      <subfield code="a">Sheridan, Clare,</subfield>
      <subfield code="d">1885-1970</subfield>
      <subfield code="e">correspondent.</subfield>
    </datafield>
    <datafield tag="700" ind1="1" ind2=" ">
      <subfield code="a">Sheridan, Wilfred,</subfield>
      <subfield code="e">recipient.</subfield>
    </datafield>
    <datafield tag="700" ind1="1" ind2=" ">
      <subfield code="a">Sichel, Edith Helen,</subfield>
      <subfield code="d">1862-1914</subfield>
      <subfield code="e">recipient.</subfield>
    </datafield>
    <datafield tag="700" ind1="1" ind2=" ">
      <subfield code="a">Smalley, George W.</subfield>
      <subfield code="q">(George Washburn),</subfield>
      <subfield code="d">1833-1916,</subfield>
      <subfield code="e">recipient.</subfield>
    </datafield>
    <datafield tag="700" ind1="1" ind2=" ">
      <subfield code="a">Strachey, Marjorie,</subfield>
      <subfield code="e">recipient.</subfield>
    </datafield>
    <datafield tag="700" ind1="1" ind2=" ">
      <subfield code="a">Strong, William Lafayette,</subfield>
      <subfield code="d">1827-1900,</subfield>
      <subfield code="e">recipient.</subfield>
    </datafield>
    <datafield tag="700" ind1="1" ind2=" ">
      <subfield code="a">Ticknor, Benjamin Holt,</subfield>
      <subfield code="d">1842-1914</subfield>
      <subfield code="e">recipient.</subfield>
    </datafield>
    <datafield tag="700" ind1="1" ind2=" ">
      <subfield code="a">Trower, Juliet S.,</subfield>
      <subfield code="d">fl. 1899-1913,</subfield>
      <subfield code="e">recipient.</subfield>
    </datafield>
    <datafield tag="700" ind1="1" ind2=" ">
      <subfield code="a">Vallance, H. W.,</subfield>
      <subfield code="d">fl. 1899,</subfield>
      <subfield code="e">correspondent.</subfield>
    </datafield>
    <datafield tag="700" ind1="1" ind2=" ">
      <subfield code="a">Vidler, Carolina Louisa,</subfield>
      <subfield code="e">recipient.</subfield>
    </datafield>
    <datafield tag="700" ind1="1" ind2=" ">
      <subfield code="a">Wade, Allan,</subfield>
      <subfield code="d">1881-1955</subfield>
      <subfield code="e">correspondent.</subfield>
    </datafield>
    <datafield tag="700" ind1="1" ind2=" ">
      <subfield code="a">Walkley, Arthur Bingham,</subfield>
      <subfield code="d">1855-1926,</subfield>
      <subfield code="e">recipient.</subfield>
    </datafield>
    <datafield tag="700" ind1="1" ind2=" ">
      <subfield code="a">Walpole, Hugh,</subfield>
      <subfield code="c">Sir,</subfield>
      <subfield code="d">1884-1941.</subfield>
    </datafield>
    <datafield tag="700" ind1="1" ind2=" ">
      <subfield code="a">Walsh, Louise C.,</subfield>
      <subfield code="e">recipient.</subfield>
    </datafield>
    <datafield tag="700" ind1="1" ind2=" ">
      <subfield code="a">Ward, Humphrey,</subfield>
      <subfield code="d">fl. 1893,</subfield>
      <subfield code="e">recipient.</subfield>
    </datafield>
    <datafield tag="700" ind1="1" ind2=" ">
      <subfield code="a">Ward, Humphry,</subfield>
      <subfield code="c">Mrs.,</subfield>
      <subfield code="d">1851-1920,</subfield>
      <subfield code="e">recipient.</subfield>
    </datafield>
    <datafield tag="700" ind1="1" ind2=" ">
      <subfield code="a">Waring, George E.</subfield>
      <subfield code="q">(George Edwin),</subfield>
      <subfield code="d">1833-1898</subfield>
      <subfield code="e">recipient.</subfield>
    </datafield>
    <datafield tag="700" ind1="1" ind2=" ">
      <subfield code="a">Walsh, Louise C.,</subfield>
      <subfield code="e">recipient.</subfield>
    </datafield>
    <datafield tag="700" ind1="1" ind2=" ">
      <subfield code="a">Warner, J. B.,</subfield>
      <subfield code="e">recipient.</subfield>
    </datafield>
    <datafield tag="700" ind1="1" ind2=" ">
      <subfield code="a">Washburn, Phoebe Garnaut,</subfield>
      <subfield code="d">d.1923,</subfield>
      <subfield code="e">recipient.</subfield>
    </datafield>
    <datafield tag="700" ind1="1" ind2=" ">
      <subfield code="a">Watson, Marriott,</subfield>
      <subfield code="e">recipient.</subfield>
    </datafield>
    <datafield tag="700" ind1="1" ind2=" ">
      <subfield code="a">Wendell, Barrett,</subfield>
      <subfield code="d">1855-1921</subfield>
      <subfield code="e">recipient.</subfield>
    </datafield>
    <datafield tag="700" ind1="1" ind2=" ">
      <subfield code="a">Young, Philip,</subfield>
      <subfield code="d">1918-1991,</subfield>
      <subfield code="e">correspondent.</subfield>
    </datafield>
    <datafield tag="710" ind1="2" ind2="0">
      <subfield code="a">Brown, Shipley, &amp; Co.,</subfield>
      <subfield code="e">correspondents.</subfield>
    </datafield>
    <datafield tag="710" ind1="2" ind2="0">
      <subfield code="a">Charles Scribner's Sons,</subfield>
      <subfield code="e">correspondent.</subfield>
    </datafield>
    <datafield tag="710" ind1="2" ind2="0">
      <subfield code="a">Elkin Mathews &amp; John Lane, Publishers,</subfield>
      <subfield code="e">recipient.</subfield>
    </datafield>
    <datafield tag="710" ind1="2" ind2="0">
      <subfield code="a">Harper &amp; Brothers,</subfield>
      <subfield code="e">recipient.</subfield>
    </datafield>
    <datafield tag="710" ind1="2" ind2="0">
      <subfield code="a">Houghton, Mifflin and Company,</subfield>
      <subfield code="e">rrecipient.</subfield>
    </datafield>
    <datafield tag="710" ind1="2" ind2="0">
      <subfield code="a">Macmillan &amp; Co.,</subfield>
      <subfield code="e">recipient</subfield>
    </datafield>
    <datafield tag="710" ind1="2" ind2="0">
      <subfield code="a">Trübner &amp; Co.,</subfield>
      <subfield code="e">correspondent</subfield>
    </datafield>
    <datafield tag="856" ind1="4" ind2="2">
      <subfield code="z">GUIDE TO THE COLLECTION AVAILABLE ONLINE: </subfield>
      <subfield code="u">http://ead.lib.virginia.edu/vivaead/published/uva-sc/vivadoc.pl?file=viu00605.xml</subfield>
      <subfield code="2">http</subfield>
    </datafield>
    <datafield tag="946" ind1=" " ind2=" ">
      <subfield code="a">10 boxes plus slipcases in Vault, Barrett-James</subfield>
    </datafield>
    <datafield tag="946" ind1=" " ind2=" ">
      <subfield code="a">slipcased items: "Honore Daumier," "Tourgeneff"; "Europeans."</subfield>
    </datafield>
    <datafield tag="946" ind1=" " ind2=" ">
      <subfield code="a">correspondence also on microfilm M-2322 &amp; M-2323</subfield>
    </datafield>
    <datafield tag="946" ind1=" " ind2=" ">
      <subfield code="a">portrait by L.C. Powles in-process on EF shelves</subfield>
    </datafield>
    <datafield tag="946" ind1=" " ind2=" ">
      <subfield code="a">The Europeans chapters 7, 8, &amp; 9 also on M-2105 (6251-a)</subfield>
    </datafield>
    <datafield tag="946" ind1=" " ind2=" ">
      <subfield code="a">oversized items in Vault Oversize W-5</subfield>
    </datafield>
    <datafield tag="946" ind1=" " ind2=" ">
      <subfield code="a">Corrected Galley proofs for Lady Barberina by Herbert Ruhm: Oversize Tray 124</subfield>
    </datafield>
    <datafield tag="999" ind1=" " ind2=" ">
      <subfield code="a">Microfilm 2322-2323</subfield>
      <subfield code="w">ALPHANUM</subfield>
      <subfield code="c">1</subfield>
      <subfield code="i">3572181-3001</subfield>
      <subfield code="l">SC-STKS</subfield>
      <subfield code="m">SPEC-COLL</subfield>
      <subfield code="r">Y</subfield>
      <subfield code="s">Y</subfield>
      <subfield code="t">MANUSCRIPT</subfield>
      <subfield code="u">10/21/2000</subfield>
      <subfield code="x">ORIGINAL</subfield>
    </datafield>
    <datafield tag="999" ind1=" " ind2=" ">
      <subfield code="a">MSS 6251 -- 6251-bn Box 1</subfield>
      <subfield code="w">ALPHANUM</subfield>
      <subfield code="c">1</subfield>
      <subfield code="i">X004958754</subfield>
      <subfield code="d">8/18/2009</subfield>
      <subfield code="e">8/18/2009</subfield>
      <subfield code="l">SC-BARR-X</subfield>
      <subfield code="m">SPEC-COLL</subfield>
      <subfield code="n">2</subfield>
      <subfield code="r">Y</subfield>
      <subfield code="s">Y</subfield>
      <subfield code="t">MANUSCRIPT</subfield>
      <subfield code="u">5/18/2006</subfield>
      <subfield code="x">ORIGINAL</subfield>
    </datafield>
    <datafield tag="999" ind1=" " ind2=" ">
      <subfield code="a">MSS 6251 -- 6251-bn Box 2</subfield>
      <subfield code="w">ALPHANUM</subfield>
      <subfield code="c">1</subfield>
      <subfield code="i">X004958758</subfield>
      <subfield code="d">8/18/2009</subfield>
      <subfield code="e">8/18/2009</subfield>
      <subfield code="l">SC-BARR-X</subfield>
      <subfield code="m">SPEC-COLL</subfield>
      <subfield code="n">5</subfield>
      <subfield code="r">Y</subfield>
      <subfield code="s">Y</subfield>
      <subfield code="t">MANUSCRIPT</subfield>
      <subfield code="u">5/18/2006</subfield>
      <subfield code="x">ORIGINAL</subfield>
    </datafield>
    <datafield tag="999" ind1=" " ind2=" ">
      <subfield code="a">MSS 6251 -- 6251-bn Box 3</subfield>
      <subfield code="w">ALPHANUM</subfield>
      <subfield code="c">1</subfield>
      <subfield code="i">X004958762</subfield>
      <subfield code="d">3/13/2007</subfield>
      <subfield code="e">3/13/2007</subfield>
      <subfield code="l">SC-BARR-X</subfield>
      <subfield code="m">SPEC-COLL</subfield>
      <subfield code="n">2</subfield>
      <subfield code="q">2</subfield>
      <subfield code="r">Y</subfield>
      <subfield code="s">Y</subfield>
      <subfield code="t">MANUSCRIPT</subfield>
      <subfield code="u">5/18/2006</subfield>
      <subfield code="x">ORIGINAL</subfield>
    </datafield>
    <datafield tag="999" ind1=" " ind2=" ">
      <subfield code="a">MSS 6251 -- 6251-bn Box 4</subfield>
      <subfield code="w">ALPHANUM</subfield>
      <subfield code="c">1</subfield>
      <subfield code="i">X004958766</subfield>
      <subfield code="d">3/13/2007</subfield>
      <subfield code="e">3/13/2007</subfield>
      <subfield code="l">SC-BARR-X</subfield>
      <subfield code="m">SPEC-COLL</subfield>
      <subfield code="n">1</subfield>
      <subfield code="r">Y</subfield>
      <subfield code="s">Y</subfield>
      <subfield code="t">MANUSCRIPT</subfield>
      <subfield code="u">5/18/2006</subfield>
      <subfield code="x">ORIGINAL</subfield>
    </datafield>
    <datafield tag="999" ind1=" " ind2=" ">
      <subfield code="a">MSS 6251 -- 6251-bn Box 5</subfield>
      <subfield code="w">ALPHANUM</subfield>
      <subfield code="c">1</subfield>
      <subfield code="i">X004958770</subfield>
      <subfield code="d">8/18/2009</subfield>
      <subfield code="e">8/18/2009</subfield>
      <subfield code="l">SC-BARR-X</subfield>
      <subfield code="m">SPEC-COLL</subfield>
      <subfield code="n">1</subfield>
      <subfield code="r">Y</subfield>
      <subfield code="s">Y</subfield>
      <subfield code="t">MANUSCRIPT</subfield>
      <subfield code="u">5/18/2006</subfield>
      <subfield code="x">ORIGINAL</subfield>
    </datafield>
    <datafield tag="999" ind1=" " ind2=" ">
      <subfield code="a">MSS 6251 -- 6251-bn Box 6</subfield>
      <subfield code="w">ALPHANUM</subfield>
      <subfield code="c">1</subfield>
      <subfield code="i">X004958774</subfield>
      <subfield code="d">4/5/2010</subfield>
      <subfield code="e">4/5/2010</subfield>
      <subfield code="l">SC-BARR-X</subfield>
      <subfield code="m">SPEC-COLL</subfield>
      <subfield code="n">2</subfield>
      <subfield code="r">Y</subfield>
      <subfield code="s">Y</subfield>
      <subfield code="t">MANUSCRIPT</subfield>
      <subfield code="u">5/18/2006</subfield>
      <subfield code="x">ORIGINAL</subfield>
    </datafield>
    <datafield tag="999" ind1=" " ind2=" ">
      <subfield code="a">MSS 6251 -- 6251-bn Box 7</subfield>
      <subfield code="w">ALPHANUM</subfield>
      <subfield code="c">1</subfield>
      <subfield code="i">X004958778</subfield>
      <subfield code="d">3/14/2007</subfield>
      <subfield code="e">3/14/2007</subfield>
      <subfield code="l">SC-BARR-X</subfield>
      <subfield code="m">SPEC-COLL</subfield>
      <subfield code="n">2</subfield>
      <subfield code="r">Y</subfield>
      <subfield code="s">Y</subfield>
      <subfield code="t">MANUSCRIPT</subfield>
      <subfield code="u">5/18/2006</subfield>
      <subfield code="x">ORIGINAL</subfield>
    </datafield>
    <datafield tag="999" ind1=" " ind2=" ">
      <subfield code="a">MSS 6251 -- 6251-bn Box 8</subfield>
      <subfield code="w">ALPHANUM</subfield>
      <subfield code="c">1</subfield>
      <subfield code="i">X004958780</subfield>
      <subfield code="d">8/19/2009</subfield>
      <subfield code="e">8/19/2009</subfield>
      <subfield code="l">SC-BARR-X</subfield>
      <subfield code="m">SPEC-COLL</subfield>
      <subfield code="n">2</subfield>
      <subfield code="r">Y</subfield>
      <subfield code="s">Y</subfield>
      <subfield code="t">MANUSCRIPT</subfield>
      <subfield code="u">5/18/2006</subfield>
      <subfield code="x">ORIGINAL</subfield>
    </datafield>
    <datafield tag="999" ind1=" " ind2=" ">
      <subfield code="a">MSS 6251 -- 6251-bn Box 9</subfield>
      <subfield code="w">ALPHANUM</subfield>
      <subfield code="c">1</subfield>
      <subfield code="i">X004958781</subfield>
      <subfield code="l">SC-BARR-X</subfield>
      <subfield code="m">SPEC-COLL</subfield>
      <subfield code="r">Y</subfield>
      <subfield code="s">Y</subfield>
      <subfield code="t">MANUSCRIPT</subfield>
      <subfield code="u">5/18/2006</subfield>
      <subfield code="x">ORIGINAL</subfield>
    </datafield>
    <datafield tag="999" ind1=" " ind2=" ">
      <subfield code="a">MSS 6251 -- 6251-bn Box 10</subfield>
      <subfield code="w">ALPHANUM</subfield>
      <subfield code="c">1</subfield>
      <subfield code="i">X030066744</subfield>
      <subfield code="d">8/19/2009</subfield>
      <subfield code="e">8/19/2009</subfield>
      <subfield code="l">SC-BARR-X</subfield>
      <subfield code="m">SPEC-COLL</subfield>
      <subfield code="n">2</subfield>
      <subfield code="r">Y</subfield>
      <subfield code="s">Y</subfield>
      <subfield code="t">MANUSCRIPT</subfield>
      <subfield code="u">5/18/2006</subfield>
      <subfield code="x">ORIGINAL</subfield>
    </datafield>
    <datafield tag="999" ind1=" " ind2=" ">
      <subfield code="a">MSS 6251 -- 6251-bn</subfield>
      <subfield code="w">ALPHANUM</subfield>
      <subfield code="c">1</subfield>
      <subfield code="i">X004958786</subfield>
      <subfield code="d">8/6/2010</subfield>
      <subfield code="e">2/9/2005</subfield>
      <subfield code="l">SC-BARR-X</subfield>
      <subfield code="m">SPEC-COLL</subfield>
      <subfield code="n">5</subfield>
      <subfield code="r">Y</subfield>
      <subfield code="s">Y</subfield>
      <subfield code="t">MANUSCRIPT</subfield>
      <subfield code="u">10/11/2000</subfield>
      <subfield code="x">ORIGINAL</subfield>
    </datafield>
    <datafield tag="999" ind1=" " ind2=" ">
      <subfield code="a">Microfilm 2105</subfield>
      <subfield code="w">ALPHANUM</subfield>
      <subfield code="c">1</subfield>
      <subfield code="i">3572181-4001</subfield>
      <subfield code="d">10/23/2002</subfield>
      <subfield code="e">10/23/2002</subfield>
      <subfield code="l">SC-STKS</subfield>
      <subfield code="m">SPEC-COLL</subfield>
      <subfield code="n">2</subfield>
      <subfield code="r">Y</subfield>
      <subfield code="s">Y</subfield>
      <subfield code="t">MANUSCRIPT</subfield>
      <subfield code="u">10/21/2000</subfield>
      <subfield code="x">ORIGINAL</subfield>
    </datafield>
  </record>
</collection>
